@article{smith2023,
  title={A Comprehensive Study of LaTeX in Academic Writing},
  author={Smith, John and Jones, Mary and Brown, David},
  journal={Journal of Academic Writing},
  volume={42},
  number={3},
  pages={123--145},
  year={2023},
  publisher={Academic Press}
}

@book{jones2022,
  title={The Complete Guide to LaTeX},
  author={Jones, Mary},
  year={2022},
  publisher={LaTeX Publishing},
  address={New York, NY}
}

@inproceedings{doe2023,
  title={Advanced LaTeX Techniques for Research Papers},
  author={Doe, Jane and Smith, John},
  booktitle={Proceedings of the International Conference on Academic Writing},
  pages={67--89},
  year={2023},
  organization={Academic Writing Society}
}

@techreport{brown2021,
  title={LaTeX Best Practices for Collaborative Writing},
  author={Brown, David},
  institution={Research Institute},
  year={2021},
  number={RI-2021-001},
  type={Technical Report}
}

