@article{smith2023,
  title={A Comprehensive Study of LaTeX in Academic Writing},
  author={Smith, John and Jones, Mary and Brown, David},
  journal={Journal of Academic Writing},
  volume={42},
  number={3},
  pages={123--145},
  year={2023},
  publisher={Academic Press},
  doi={10.1000/example.2023.001},
  url={https://example.com/smith2023}
}


@book{jones2022,
  title={The Complete Guide to LaTeX},
  author={Jones, Mary},
  year={2022},
  publisher={LaTeX Publishing},
  address={New York, NY},
  isbn={978-0-123456-78-9},
  url={https://example.com/jones2022}
}

@inproceedings{doe2023,
  title={Advanced LaTeX Techniques for Research Papers},
  author={Doe, Jane and Smith, John},
  booktitle={Proceedings of the International Conference on Academic Writing},
  pages={67--89},
  year={2023},
  organization={Academic Writing Society},
  address={San Francisco, CA},
  url={https://example.com/doe2023}
}

@techreport{brown2021,
  title={LaTeX Best Practices for Collaborative Writing},
  author={Brown, David},
  institution={Research Institute},
  year={2021},
  number={RI-2021-001},
  type={Technical Report},
  url={https://example.com/brown2021}
}

@phdthesis{williams2020,
  title={The Impact of LaTeX on Academic Writing Quality},
  author={Williams, Sarah},
  year={2020},
  school={University of Example},
  address={Example City, State},
  url={https://example.com/williams2020}
}

@mastersthesis{johnson2019,
  title={LaTeX Templates for Academic Papers},
  author={Johnson, Michael},
  year={2019},
  school={Example University},
  address={Example City, State},
  url={https://example.com/johnson2019}
}

@misc{latexproject2023,
  title={LaTeX Project},
  author={{LaTeX Project Team}},
  year={2023},
  howpublished={Online},
  url={https://www.latex-project.org/},
  note={Accessed: 2023-01-01}
}

@manual{texstudio2023,
  title={TeXstudio User Manual},
  author={{TeXstudio Team}},
  year={2023},
  organization={TeXstudio},
  url={https://www.texstudio.org/},
  note={Version 4.6.0}
}

@article{overleaf2023,
  title={Collaborative LaTeX Writing with Overleaf},
  author={Overleaf Team},
  journal={LaTeX Community Journal},
  volume={1},
  number={1},
  pages={1--10},
  year={2023},
  publisher={LaTeX Community},
  url={https://example.com/overleaf2023}
}

@book{knuth1984,
  title={The TeXbook},
  author={Knuth, Donald E.},
  year={1984},
  publisher={Addison-Wesley},
  address={Reading, MA},
  isbn={0-201-13447-0}
}
